@inproceedings{CaiNerurkarWu1998,
  title={Making benchmarks uncheatable},
  author={Cai, Jin-Yi and Nerurkar, Ajay and Wu, Min-You},
  booktitle={Computer Performance and Dependability Symposium, 1998. IPDS'98. Proceedings. IEEE International},
  pages={216--226},
  year={1998},
  organization={IEEE}
}

@inproceedings{HaasRossbergSchuffTitzerHolmanGohmanWagnerZakaiBastien2017,
  title={Bringing the web up to speed with WebAssembly},
  author={Haas, Andreas and Rossberg, Andreas and Schuff, Derek L and Titzer, Ben L and Holman, Michael and Gohman, Dan and Wagner, Luke and Zakai, Alon and Bastien, JF},
  booktitle={ACM SIGPLAN Notices},
  volume={52},
  number={6},
  pages={185--200},
  year={2017},
  organization={ACM}
}

@inproceedings{HerreraChenLavoieHendren2018,
 author = {Herrera, David and Chen, Hanfeng and Lavoie, Erick and Hendren, Laurie},
 title = {Numerical Computing on the Web: Benchmarking for the Future},
 booktitle = {Proceedings of the 14th ACM SIGPLAN International Symposium on Dynamic Languages},
 series = {DLS 2018},
 year = {2018},
 isbn = {978-1-4503-6030-2},
 location = {Boston, MA, USA},
 pages = {88--100},
 numpages = {13},
 url = {http://doi.acm.org.libraryproxy.his.se/10.1145/3276945.3276968},
 doi = {10.1145/3276945.3276968},
 acmid = {3276968},
 publisher = {ACM},
 address = {New York, NY, USA},
 keywords = {JavaScript, Ostrich benchmarks, WebAssembly, performance, scientific web benchmarking, web-based scientific computation},
}

@article{JangdaPowersGuhaBerger2019,
  title={Mind the Gap: Analyzing the Performance of WebAssembly vs. Native Code},
  author={Jangda, Abhinav and Powers, Bobby and Guha, Arjun and Berger, Emery},
  journal={arXiv preprint arXiv:1901.09056},
  year={2019}
}

@inproceedings{JeongJeongParkKim2018,
  title={WATT: A novel web-based toolkit to generate WebAssembly-based libraries and applications},
  author={Jeong, Hunseop and Jeong, Jinwoo and Park, Sangyong and Kim, Kwanghyuk},
  booktitle={Consumer Electronics (ICCE), 2018 IEEE International Conference on},
  pages={1--2},
  year={2018},
  organization={IEEE}
}

@inproceedings{LattnerAdve2014,
  title={LLVM: A compilation framework for lifelong program analysis \& transformation},
  author={Lattner, Chris and Adve, Vikram},
  booktitle={Proceedings of the international symposium on Code generation and optimization: feedback-directed and runtime optimization},
  pages={75},
  year={2004},
  organization={IEEE Computer Society}
}

@article{LehmannPradel2018,
  title={Wasabi: A Framework for Dynamically Analyzing WebAssembly},
  author={Lehmann, Daniel and Pradel, Michael},
  journal={arXiv preprint arXiv:1808.10652},
  year={2018}
}

@article{MalleGiulianiKiesebergHolzinger2018,
  title={The Need for Speed of AI Applications: Performance Comparison of Native vs. Browser-based Algorithm Implementations},
  author={Malle, Bernd and Giuliani, Nicola and Kieseberg, Peter and Holzinger, Andreas},
  journal={arXiv preprint arXiv:1802.03707},
  year={2018}
}

@article{Moller2018,
 author = {M{\o}ller, Anders},
 title = {Technical Perspective: WebAssembly: A Quiet Revolution of the Web},
 journal = {Commun. ACM},
 issue_date = {December 2018},
 volume = {61},
 number = {12},
 year = {2018},
 pages = {106--106},
 numpages = {1},
 acmid = {3282508},
 publisher = {ACM},
 address = {New York, NY, USA},
}

@inproceedings{NielsonWilliamsonArlitt2008,
  title={Benchmarking modern web browsers},
  author={Nielson, Jordan and Williamson, Carey and Arlitt, Martin},
  booktitle={2nd IEEE Workshop on Hot Topics in Web Systems and Technologies},
  year={2008}
}

@article{RatanaworabhanLivshitsZorn2010,
  title={JSMeter: Comparing the Behavior of JavaScript Benchmarks with Real Web Applications.},
  author={Ratanaworabhan, Paruj and Livshits, Benjamin and Zorn, Benjamin G},
  journal={WebApps},
  volume={10},
  pages={3--3},
  year={2010}
}

@inproceedings{ReiserBlaser2017,
 author = {Reiser, Micha and Bl\"{a}ser, Luc},
 title = {Accelerate JavaScript Applications by Cross-compiling to WebAssembly},
 booktitle = {Proceedings of the 9th ACM SIGPLAN International Workshop on Virtual Machines and Intermediate Languages},
 series = {VMIL 2017},
 year = {2017},
 location = {Vancouver, BC, Canada},
 pages = {10--17},
 numpages = {8},
 acmid = {3141873},
 publisher = {ACM},
 address = {New York, NY, USA},
 keywords = {Cross-Compilation, JavaScript, LLVM, Optimization, TypeScript, WebAssembly},
}

@article{RossbergTitzerHaasSchuffGohmanWagnerZakaiBastienHolman2018,
 author = {Rossberg, Andreas and Titzer, Ben L. and Haas, Andreas and Schuff, Derek L. and Gohman, Dan and Wagner, Luke and Zakai, Alon and Bastien, J. F. and Holman, Michael},
 title = {Bringing the Web Up to Speed with WebAssembly},
 journal = {Commun. ACM},
 issue_date = {December 2018},
 volume = {61},
 number = {12},
 year = {2018},
 pages = {107--115},
 numpages = {9},
 acmid = {3282510},
 publisher = {ACM},
 address = {New York, NY, USA},
} 

@inproceedings{RuthZimmermannWolsingHohlfeld2018,
  title={Digging into Browser-based Crypto Mining},
  author={R{\"u}th, Jan and Zimmermann, Torsten and Wolsing, Konrad and Hohlfeld, Oliver},
  booktitle={Proceedings of the Internet Measurement Conference 2018},
  pages={70--76},
  year={2018},
  organization={ACM}
}

@inproceedings{SandhuHerreraHendren2018,
 author = {Sandhu, Prabhjot and Herrera, David and Hendren, Laurie},
 title = {Sparse Matrices on the Web: Characterizing the Performance and Optimal Format Selection of Sparse Matrix-vector Multiplication in JavaScript and WebAssembly},
 booktitle = {Proceedings of the 15th International Conference on Managed Languages \& Runtimes},
 series = {ManLang '18},
 year = {2018},
 location = {Linz, Austria},
 pages = {6:1--6:13},
 articleno = {6},
 numpages = {13},
 url = {http://doi.acm.org.libraryproxy.his.se/10.1145/3237009.3237020},
 doi = {10.1145/3237009.3237020},
 acmid = {3237020},
 publisher = {ACM},
 address = {New York, NY, USA},
 keywords = {C, SpMV, javascript, managed languages for browsers, scientific computing, sparse matrix-vector multiplication, webassembly},
}

@inproceedings{VanEsNicolayStievenartDHondtDeRoover2016,
 author = {Van Es, Noah and Nicolay, Jens and Stievenart, Quentin and D'Hondt, Theo and De Roover, Coen},
 title = {A Performant Scheme Interpreter in Asm.Js},
 booktitle = {Proceedings of the 31st Annual ACM Symposium on Applied Computing},
 series = {SAC '16},
 year = {2016},
 location = {Pisa, Italy},
 pages = {1944--1951},
 numpages = {8},
 acmid = {2851748},
 publisher = {ACM},
 address = {New York, NY, USA},
 keywords = {JavaScript, asm.js, optimization},
} 

@inproceedings{Watt2018,
  title={Mechanising and verifying the webassembly specification},
  author={Watt, Conrad},
  booktitle={Proceedings of the 7th ACM SIGPLAN International Conference on Certified Programs and Proofs},
  pages={53--65},
  year={2018},
  organization={ACM}
}

@book{WohlinRunesonHostOhlssonRegnellWesslen2012,
  title={Experimentation in software engineering},
  author={Wohlin, Claes and Runeson, Per and H{\"o}st, Martin and Ohlsson, Magnus C and Regnell, Bj{\"o}rn and Wessl{\'e}n, Anders},
  year={2012},
  publisher={Springer Science \& Business Media}
}

@inproceedings{Zakai2011,
  title={Emscripten: an LLVM-to-JavaScript compiler},
  author={Zakai, Alon},
  booktitle={Proceedings of the ACM international conference companion on Object oriented programming systems languages and applications companion},
  pages={301--312},
  year={2011},
  organization={ACM}
}

@article{Zakai2018, 
  author={Zakai, Alon},
  journal={Computing in Science Engineering},
  title={Fast Physics on the Web Using C++, JavaScript, and Emscripten},
  year={2018},
  volume={20},
  number={1},
  pages={11-19}
}
